2175 3671
406 183 433 225 l
449 159 532 226 26
873 160 1185 226 Insecta.
1238 162 1326 227 A
1330 184 1510 227 cera.

401 291 590 345 geminis
610 309 620 344 3
645 291 840 332 maxillae
864 306 1041 332 sursum
1065 299 1382 346 convergentes
1400 324 1413 345 ‚
1437 292 1452 347 (
1475 291 1587 333 labii
1607 293 1821 333 lateribus
1840 292 2013 332 incum-

403 370 559 412 bentes
587 371 601 427 )
624 372 830 426 subaeque
856 372 967 413 lalae.

462 473 780 515 OBSERVATIO.
805 475 961 515 Genus
978 474 1273 514 Latrodectus
1293 475 1595 516 VValckenaer
1616 488 1635 514 a
1655 487 1753 528 gen.
1777 473 2017 514 Theridion

404 549 618 606 distingui
637 561 784 608 posset
800 553 941 592 oculis
960 551 1218 593 lateralibus
1242 552 1360 592 inter
1378 567 1422 593 se
1444 552 1741 606 distantibus,
1760 566 1851 592 non
1877 552 2011 592 binis.

465 672 741 713 SCYTODES.
776 673 906 713 Oculi
930 688 1008 714 sex
1026 705 1038 725 ‚
1068 687 1147 729 per
1169 675 1292 728 paria
1308 705 1320 726 ,
1341 674 1390 713 in
1417 675 1690 729 triangulum
1712 675 2022 729 subaequilate-

405 752 496 790 rale
521 751 745 807 dispositi.

406 875 457 915 B.
485 874 615 916 Oculi
647 882 745 917 octo
778 875 826 916 in
857 875 1062 917 omnibus
1086 894 1102 926 ;
1128 878 1264 931 pedes
1285 877 1455 932 primi,
1489 878 1673 919 secundi
1711 878 1870 919 deinde
1889 904 1902 926 ‚
1929 883 2022 918 tum

1001 958 1157 1013 quarti
1181 957 1415 1015 longiore&

467 1079 721 1117 Pffochrs.
758 1079 891 1118 Oculi
927 1078 1014 1118 duo
1047 1079 1226 1131 medii,
1265 1080 1510 1133 geminati,
1546 1086 1798 1119 transverse
1836 1077 1973 1132 positi
2011 1096 2021 1128 3

410 1164 499 1196 tres
521 1157 736 1210 utrinque
759 1158 990 1198 tuberculo
1022 1158 1226 1213 impositi
1247 1189 1261 1205 ,
1286 1158 1334 1198 in
1361 1158 1638 1211 'triangulum
1659 1156 1748 1197 fere
1776 1154 2021 1210 glomerati.

470 1238 761 1276 LINYPHIA.
797 1237 930 1277 Oculi
956 1245 1147 1291 quatuor
1172 1237 1311 1276 medii
1345 1237 1395 1276 in
1419 1237 1667 1291 trapezium
1705 1235 1851 1273 amice
1876 1240 2026 1273 trans—

411 1327 540 1355 verse
556 1315 786 1368 angustius
808 1314 1001 1354 ordinati
1021 1334 1031 1366 5
1051 1315 1224 1354 duobus
1249 1317 1421 1370 superis
1437 1315 1694 1355 eorumdem
1715 1320 1863 1370 aperte
1888 1313 2028 1367 majo-

409 1393 536 1436 ribus
552 1425 562 1445 ,
581 1408 671 1433 uno
693 1394 746 1433 ab
764 1394 900 1434 altero
920 1393 1193 1434 distantibus
1210 1413 1220 1447 3
1241 1393 1499 1434 lateralibus
1515 1394 1731 1448 geminis,
1754 1394 2025 1434 minoribus,

477 1474 884 1513 TETRAGNATHA.
917 1473 1051 1513 Oculi
1089 1472 1333 1514 secundum
1377 1473 1519 1513 lineas
1567 1473 1677 1513 duas
1707 1480 1983 1513 transversas
2016 1504 2029 1524 ‚

411 1552 645 1608 parallelas
666 1582 676 1603 ,
701 1558 840 1592 rectas
859 1583 870 1604 ‚
897 1553 1118 1607 subaequis
1140 1553 1395 1595 intervallis
1416 1583 1426 1602 ,
1451 1553 1601 1593 seriati
1619 1572 1633 1605 3
1658 1552 1851 1592 maxillae
1870 1557 1996 1592 rectae
2016 1582 2028 1601 ,

412 1631 621 1683 elongatae
641 1661 652 1681 ‚
674 1636 866 1682 angustae
884 1661 895 1682 ,
917 1630 1041 1685 apice
1064 1631 1155 1670 solo
1174 1631 1348 1671 latiore.

471 1710 687 1748 EPEIRA.
725 1708 857 1747 Oculi
888 1708 1134 1747 secundum
1165 1709 1307 1748 lineas
1343 1708 1452 1748 duas
1481 1715 1789 1757 transversas,
1821 1708 2032 1764 approxi-

415 1793 556 1825 matas
581 1817 591 1836 ,
617 1785 819 1842 apicibus
842 1793 1159 1840 convergentes
1179 1817 1193 1833 ,
1217 1785 1438 1838 ordinati3
1463 1793 1653 1839 quatuor
1683 1786 1823 1826 medii
1849 1785 2031 1839 quadra-

416 1872 513 1905 tum
537 1864 813 1905 delineantes
833 1883 843 1916 ;
881 1865 1073 1905 maxillae
1097 1865 1306 1905 subreciae
1329 1897 1339 1916 ‚
1364 1865 1459 1904 basi
1485 1872 1723 1919 angustatae
1746 1895 1757 1913 ‚
1801 1873 1899 1904 tum
1925 1862 2033 1904 sub-

417 1942 671 1982 orbiculatae
688 1973 703 1990 ,
721 1943 795 1984 vel
812 1942 1154 1985 inverso-ovatae
1167 1974 1178 1994 ‚
1204 1942 1410 1982 dilatatae.

417 2075 459 2102 2.
491 2061 622 2103 Oculi
653 2070 925 2119 segmentum
959 2063 1175 2104 circulare
1194 2096 1205 2117 7
1240 2071 1540 2104 transversum
1564 2065 1756 2118 arcuque
1780 2068 2031 2102 antrorsum

478 2156 600 2182 verso
616 2159 631 2189 ,-
654 2150 736 2182 aut
756 2150 965 2183 sectorem
989 2143 1365 2200 longitudinalem
1391 2144 1519 2197 apice
1540 2143 1692 2183 antico
1726 2149 1768 2182 et
1790 2147 1998 2182 truncato
2013 2158 2030 2189 ;

475 2220 549 2260 vel
567 2222 836 2276 quadratum
860 2228 941 2262 aut
957 2221 1232 2276 parabolam
1255 2254 1265 2273 ‚
1303 2221 1594 2262 delineantes.

424 2340 476 2380 A.
516 2338 647 2379 Oculi
683 2338 729 2379 in
773 2345 1043 2395 segmentum
1074 2339 1231 2380 circuli
1273 2346 1572 2379 transversum
1594 2372 1605 2392 ‚
1646 2354 1753 2380 arcu
1787 2346 2037 2380 antrorsum

484 2433 606 2458 verso
620 2449 633 2465 ,
657 2418 729 2458 vel
749 2419 795 2458 in
811 2426 1019 2459 sectorem
1036 2419 1413 2476 longitudinalem
1435 2420 1562 2475 apice
1583 2421 1738 2460 antico
1764 2428 1807 2460 et
1830 2426 2037 2460 truncato

484 2497 712 2549 ordinati,
739 2498 1051 2555 magnitudine
1071 2497 1366 2554 suboeqzealeS.

493 2618 778 2657 Uzoemws.
811 2616 944 2656 Oculi
980 2617 1026 2656 in
1059 2615 1336 2671 segnien¹tum
1372 2618 1531 2658 circuli
1576 2625 1877 2659 transversum
1910 2618 2036 2658 ordi-

428 2697 548 2750 nati3
573 2697 764 2738 maxillae
784 2705 908 2737 rectae
924 2729 935 2749 ,
961 2697 1084 2749 latae,
1107 2697 1493 2752 inverso-trigonae
1513 2718 1523 2751 3
1549 2697 1681 2754 pedes
1706 2697 1864 2753 primi,
1889 2697 2035 2751 quarti

430 2773 592 2813 deinde
613 2773 846 2827 longiores,

496 2856 778 2895 THOM1SUS.
801 2856 930 2895 Oculi
950 2856 997 2895 in
1017 2862 1292 2911 segmentum
1309 2854 1469 2896 circuli
1487 2861 1790 2896 transversum
1814 2852 2036 2904 ordinati,

435 2936 627 2975 maxillae
647 2949 822 2975 sursum
852 2943 1166 2991 convergentes
1188 2954 1199 2989 3
1224 2935 1358 2992 pedes
1381 2936 1516 2992 primi
1544 2943 1586 2977 et
1610 2935 1818 2984 secundi,
1838 2943 1913 2975 aut
1936 2933 2038 2975 vice

435 3029 565 3057 versa
585 3047 598 3067 ,
619 3016 854 3071 longiores,
