2175 3671
498 166 671 236 ΟΜΖ.
713 175 955 232 sextus
989 217 1014 244 ,
1062 164 1481 253 Ceplzalota.
1706 183 1787 230 20

248 299 377 352 Apus
397 294 684 352 pisciformiS.
717 296 946 334 SCHAEFF.
983 293 1168 348 flffonog.
1215 291 1354 347 1754,
1383 292 1468 350 fig.
1510 306 1524 331 1
1552 325 1562 343 ‚
1594 307 1658 332 12.

244 378 428 418 Habitat
464 378 513 417 in
539 377 722 431 Europae
742 375 884 415 fossis.

240 474 629 514 ANNOTATIONES.
681 473 848 512 Cancer
886 469 1132 525 paludosus
1175 469 1391 517 Miilleri,
1429 467 1556 507 Zool.
1604 468 1786 516 danic„

176 567 285 609 pag.
328 566 409 600 10,
443 551 536 592 tab.
582 550 669 600 48,
697 550 783 607 fig.
823 565 837 590 1
862 581 873 597 ,
900 548 938 590 8.
970 548 1147 604 Species
1173 549 1308 588 altera
1338 546 1548 599 videtur,
1590 546 1625 586 si
1658 547 1791 586 iconi-

187 630 270 670 bus
307 629 412 669 fides
439 630 608 683 integra
635 628 901 669 adhibenda.
933 627 1191 668 Tentaculis
1211 659 1221 677 ‚
1248 625 1385 665 cauda
1407 624 1584 678 differt3
1610 623 1718 664 forte
1744 639 1790 664 ac

184 709 355 748 Cancer
385 707 622 765 Stagnalis
657 708 849 748 Othonis
881 706 1104 754 Fabricii,
1153 707 1325 746 Cancer
1365 702 1550 744 Salinas
1585 703 1760 743 Linnaei
1780 736 1790 755 ‚

189 786 359 828 eadem.

243 865 683 903 Entomostracorum
701 863 825 902 locus
848 863 896 901 in
917 863 1026 902 serie
1056 861 1250 901 naturali
1279 861 1393 901 mihi
1419 861 1562 900 adhuc
1593 861 1787 900 incertus

184 943 379 986 videtur.
395 943 654 984 professoris
670 944 850 983 vama
865 974 875 994 ‚
895 942 973 995 qui
992 942 1044 982 ab
1065 941 1161 981 istis
1178 941 1449 980 animalibus
1465 943 1795 980 Crustaceorum

182 1023 366 1062 classem
393 1021 590 1073 orditur,
611 1021 839 1060 sententiae
862 1033 982 1059 nunc
999 1018 1125 1061 faveo
1145 1052 1155 1070 ‚
1180 1019 1250 1058 his
1276 1018 1516 1057 momentis
1541 1019 1756 1058 abductus
1782 1034 1791 1059 t

189 1101 420 1141 Gammari
436 1100 631 1157 profecto
659 1114 758 1139 cum
791 1100 1038 1140 exustae-eis
1064 1098 1274 1138 extremis
1301 1097 1547 1153 reponendi
1565 1117 1574 1149 3
1593 1098 1796 1153 proxime

183 1178 433 1231 accedunt,
471 1178 657 1221 vinculo
703 1177 791 1217 fere
833 1177 1176 1229 indissolubili,
1224 1176 1383 1215 idoteoe
1409 1208 1421 1227 ,
1458 1175 1590 1215 aselli
1619 1193 1635 1224 ,-
1673 1187 1795 1216 nune

184 1259 406 1310 veniunt,
431 1258 558 1298 hiatu
595 1259 724 1298 nullo
770 1258 1034 1313 interposito
1064 1289 1075 1310 ,
1121 1256 1248 1313 ligioe
1287 1256 1519 1309 caeterique
1562 1256 1787 1296 oniscz'cles.

186 1336 521 1378 Armadillones
545 1339 810 1393 myriapoda
833 1345 1024 1390 vocant3
1046 1344 1089 1377 at
1115 1338 1165 1376 in
1196 1337 1306 1393 ipsis
1327 1369 1339 1390 ‚
1361 1337 1555 1378 trachea·
1579 1338 1792 1378 manifes-

183 1422 368 1470 tantur3
394 1417 660 1458 animalium
701 1417 829 1457 corde
872 1417 1189 1457 destitutorum
1225 1416 1330 1456 ordo
1368 1416 1555 1471 proinde
1588 1408 1793 1473 incepius

186 1502 274 1547 θεῖς
294 1496 629 1535 entomostracis
649 1496 770 1536 locus
786 1510 874 1535 non
894 1496 1088 1551 amplius
1106 1503 1328 1552 superest3
1347 1494 1664 1535 araclmidibus
1683 1510 1792 1551 pro-

186 1573 362 1613 sessoris
386 1574 628 1613 LAMARCK
647 1575 729 1613 ista
747 1581 893 1614 tamen
916 1574 1155 1614 admodum
1174 1574 1336 1613 affinia.
1358 1574 1401 1613 Si
1419 1574 1549 1614 modo
1564 1575 1791 1616 larvarum

187 1652 506 1707 ephemerarum
535 1652 803 1707 respirarent
827 1685 837 1705 ,
875 1652 1112 1692 difficultas
1145 1659 1428 1694 evanesceret
1472 1672 1482 1706 3
1516 1660 1624 1693 tuno
1669 1654 1790 1693 enim

187 1730 389 1770 ordinem
423 1730 695 1769 insectorum
731 1730 1030 1786 peculiarem,
1072 1731 1336 1786 myriapoda
1375 1730 1660 1785 thysanouris
1687 1746 1794 1773 nec-

184 1817 354 1849 tentem
395 1810 741 1863 constituerent3
764 1810 834 1851 his
877 1810 1160 1851 succederent
1197 1826 1346 1853 acera.
1388 1811 1540 1852 Litem
1575 1808 1791 1853 dirimant

185 1891 440 1932 anatomicae
471 1891 818 1934 observationes.
