2165 3868
502 245 1384 317 PROOEMIUM.
1711 279 1752 320 v

165 374 499 458 CUVIER,
536 376 907 445 LAMARCK
940 398 1248 449 revocato
1289 381 1613 462 innixam,
1645 409 1756 449 ex-

158 512 411 578 ponere
447 491 574 557 hoc
609 494 777 559 mihi
806 494 1182 561 consilium.

247 612 592 680 Generum
628 618 1035 684 characteres
1068 618 1181 683 alii
1217 643 1373 684 cum
1400 616 1544 683 aliis
1573 641 1754 682 scru—

153 727 392 817 pulose
432 730 655 796 collati
700 749 876 797 sunt.
928 733 1224 799 Nomina
1251 733 1615 822 archetypa
1654 757 1754 796 re-

151 841 380 930 ligiose
457 845 708 911 servavi
737 898 757 926 ,
835 846 1089 912 nullius
1158 847 1446 912 auctoris
1522 843 1753 910 habita

148 954 426 1020 ratione.
463 954 854 1045 Specierum
883 957 1414 1046 designationem
1443 955 1584 1023 fuse
1614 973 1751 1022 tra-

148 1066 326 1148 didi,
346 1094 484 1134 non
506 1069 693 1159 quod
720 1072 888 1136 mihi
917 1072 1206 1138 arrideat
1234 1071 1345 1137 illa
1358 1068 1750 1150 verbositaS,

146 1177 264 1244 sed
308 1181 495 1270 quod
556 1182 928 1272 diagnosim
973 1185 1400 1276 synopticam
1452 1183 1750 1272 requirat

141 1291 551 1361 insectorum
610 1300 871 1364 notitia.
925 1297 1223 1365 LINNAEI
1268 1299 1325 1365 F
1333 1319 1749 1386 ABRIcuque

142 1406 552 1477 characteres
623 1410 918 1504 specifici
979 1413 1188 1478 nimia
1246 1411 1574 1481 brevitate
1618 1437 1744 1477 sae—

142 1521 297 1609 pius
327 1523 564 1615 inopes
592 1544 708 1592 aut
735 1527 1010 1616 litigiosi
1041 1527 1356 1596 evadunt.

233 1646 533 1714 Celebris
574 1650 881 1714 ILLIGER
907 1651 993 1715 ad
1033 1652 1276 1729 instar,
1313 1651 1540 1715 critice
1570 1672 1744 1737 prae-

137 1755 470 1840 cellentis,
519 1762 995 1849 synonymiam
1053 1760 1426 1828 emendavi.
1475 1758 1743 1825 Verita—

137 1885 275 1936 tem
313 1872 609 1963 denique
680 1876 1006 1964 integram
1060 1874 1130 1939 in
1175 1874 1396 1940 lucem
1439 1871 1740 1964 proferre

133 1986 291 2051 totis
318 1986 575 2054 viribus
604 2006 883 2055 conatus
911 2014 1079 2055 sum.

224 2080 567 2176 Sectioffes
595 2111 1043 2202 multiplicavi
1075 2129 1141 2176 et
1169 2109 1300 2176 illis
1328 2111 1603 2176 nomina
1629 2109 1738 2176 ad-

132 2219 297 2286 didi.
342 2222 775 2291 Divisionum
818 2227 989 2292 hanc
1030 2227 1297 2316 copiam
1347 2224 1558 2293 veluti
1605 2249 1734 2290 me-

128 2337 359 2401 moriae
414 2338 864 2428 ponderosam
917 2339 1194 2432 plurimi
1249 2336 1731 2430 repudiabunt.

129 2445 283 2514 Illas
302 2450 371 2514 in
400 2469 627 2517 mente
648 2450 848 2542 defigi
878 2452 1076 2538 nolo;
1112 2453 1397 2544 prosint,
1427 2452 1582 2518 satis
1613 2468 1729 2517 est.

218 2574 324 2641 De
366 2575 478 2641 illa
515 2602 666 2667 quae
699 2577 947 2645 adscivi
989 2603 1309 2668 generum
1345 2577 1539 2668 copia
1575 2576 1727 2642 bre—

122 2691 291 2758 viter
319 2691 715 2782 proloquar3
746 2717 1184 2759 susurronum
1215 2710 1282 2758 et
1308 2691 1728 2758 Aristarcho-

124 2828 274 2868 rum
311 2805 559 2868 etenim
603 2805 719 2893 qui
755 2804 1301 2894 Entomologiam
1339 2806 1441 2871 vix
1485 2804 1727 2870 saluta·—

127 2938 314 2996 vere‚
360 2934 426 2983 et
480 2917 695 2983 nihilo
750 2919 962 2984 secius
993 2971 1009 2998 ‚
1065 2917 1536 3009 disquisitione
1592 2916 1723 2982 fere

126 3027 309 3096 nulla
341 3031 545 3114 inita,
592 3031 916 3102 doctrinae
969 3031 1567 3125 amplificationem
1613 3033 1722 3099 in·-
