2139 3764
329 300 391 388 ἠ
669 271 1555 354 PROOEMIUM

326 430 634 502 consulto
663 425 1039 516 dijudicant
1071 473 1091 501 ,
1135 441 1309 485 nova
1340 412 1699 487 damnant,
1737 403 1923 470 theo·-

327 552 459 616 rice
480 563 548 613 et
573 541 810 635 agendi
839 539 1096 605 ratione
1125 531 1254 600 sibi
1285 523 1646 603 discordes,
1667 521 1735 585 in
1756 514 1928 583 ordi-

327 662 567 732 nandis
603 653 1015 726 animalculis
1048 671 1329 716 numero
1359 640 1678 719 infinitis,
1713 628 1926 701 forma

331 770 791 844 diversissimis
819 821 839 850 ‚
890 761 1390 853 simplicitatem
1418 807 1439 835 ‚
1487 751 1633 817 aliis
1686 747 1931 814 Histo-

334 892 449 957 riae
478 883 811 972 ‘naturalis
857 875 1176 946 classibus
1220 871 1617 958 denegatam
1645 915 1665 944 ,
1715 857 1936 925 conti-

331 979 477 1067 nuo‘
527 1011 808 1063 evocant
832 1045 850 1073 ‚
928 986 1217 1079 querelis
1288 980 1565 1047 minime
1634 993 1933 1039 moveor.

329 1116 510 1184 Mihi
559 1111 922 1180 assentient
965 1098 1501 1191 indulgebuntve
1543 1090 1779 1158 saltem
1817 1109 1939 1176 pe-

333 1231 446 1298 riti
477 1226 725 1319 quibus
752 1216 1248 1305 Entomologiae
1279 1207 1709 1277 difficultates
1738 1203 1939 1267 inno-

335 1358 631 1408 tuerunt.
683 1338 944 1405 Insecta
1013 1325 1428 1420 vegetalibus
1486 1315 1931 1387 multitudine

337 1471 675 1548 praestant.
716 1453 982 1518 Genera
1021 1463 1248 1511 tamen
1285 1438 1535 1530 quibus
1569 1434 1680 1500 illa
1717 1428 1942 1497 distri-

335 1569 642 1636 buuntur
676 1587 995 1656 generum
1032 1557 1158 1626 sub
1187 1553 1437 1646 quibus
1472 1552 1617 1615 haec
1649 1544 1945 1611 militant

339 1696 623 1747 numero
649 1678 757 1745 vix
784 1676 1093 1766 quintam
1126 1687 1388 1760 partem
1425 1663 1768 1749 attingunt
1796 1683 1810 1722 :
1843 1657 1945 1720 in-

342 1811 677 1862 sectorum
729 1809 1024 1876 namque
1069 1781 1339 1848 ordines
1381 1773 1660 1868 plurimi
1705 1769 1946 1835 adum-

342 1907 514 1974 brati
551 1904 835 1969 tantum.

436 2032 701 2098 Genera
767 2020 1094 2090 nonnulla
1167 2012 1660 2084 characteribus
1724 2009 1948 2076 forsan

344 2145 529 2214 haud
567 2146 759 2234 aeque
804 2136 1178 2231 perspicuis
1211 2147 1556 2199 exsecutus
1587 2151 1768 2210 sum;
1799 2123 1950 2205 illa,

348 2283 609 2352 quaeSO,
638 2254 946 2347 protinus
973 2275 1113 2317 non
1143 2270 1436 2338 respuas.
1467 2241 1644 2308 Mihi
1673 2263 1847 2318 non,
1873 2252 1955 2302 ut

351 2371 626 2439 summis
660 2365 986 2455 magistris
1020 2361 1368 2440 L1NNAE0‚
1397 2354 1788 2433 FABrucro,
1814 2374 1956 2418 ver-

350 2484 455 2550 bis
509 2480 770 2547 idoneis
817 2493 883 2542 et
916 2474 1002 2541 ad
1045 2498 1187 2538 rem
1226 2465 1675 2537 accomodatis
1713 2463 1862 2542 uti,
1915 2462 1952 2525 ὲ

349 2593 588 2664 natura
643 2593 899 2660 datum.
946 2590 1292 2655 Generum
1347 2600 1538 2649 notas
1584 2576 1905 2645 attentius
1932 2627 1954 2657 ,

352 2710 609 2777 diutius
653 2704 1074 2798 perpendere
1115 2702 1316 2785 veli53
1365 2688 1518 2789 quae
1553 2716 1778 2773 meOS,
1815 2714 1954 2756 non

349 2822 621 2888 fortasse
667 2835 820 2884 tuos
873 2816 1105 2883 oculos
1158 2812 1453 2902 fugient,
1498 2825 1798 2895 tuncque
1844 2828 1956 2892 ge-

351 2960 508 3000 nera
545 2930 753 2999 dubia
781 2930 1023 2996 cadent
1050 2981 1069 3009 ,
1113 2945 1230 2993 aut
1272 2921 1617 2991 laboribus
1647 2919 1779 2985 tuis
1807 2941 1955 2982 cer-

351 3048 518 3113 tiora
547 3044 774 3110 denuo
804 3044 873 3109 in
908 3042 1129 3109 lucem
1155 3039 1429 3111 venient
1469 3051 1536 3102 et
1570 3030 1948 3100 manebunt

356 3161 767 3227 inconcussa.
