2092 3666
193 205 364 273 ΟΜΖ.
390 206 456 272 I.
487 201 1130 292 iS'aproplzagorzcm
1158 206 1240 270 F
1233 205 1524 274 amz'lc'ce.
1568 207 1692 296 257

398 369 890 418 FAMILIA
958 370 1409 430 QUINTA.

203 518 777 557 MALACODERMI.
848 519 1593 560 MALAGODERMES.

139 716 142 719 ,
171 661 422 707 Antennae
472 659 740 709 {iliformes
775 672 859 708 aut
903 673 1101 710 setaceae
1123 701 1136 723 ‚
1187 662 1364 728 saepius
1401 662 1663 728 pectinatae
1689 702 1703 723 9

107 757 362 794 serrataeve
415 758 501 793 aut
549 745 781 794 articulis
815 745 1117 813 cylindricis
1146 786 1158 807 ‚
1195 747 1276 796 vel
1312 748 1515 796 conicis.
1542 748 1707 811 Caput

105 832 373 897 saepissime
407 834 654 880 inflexum
682 845 768 881 aut
798 845 985 882 nutans
1004 872 1015 892 ,
1047 834 1245 883 thoraci
1270 835 1331 882 ad
1353 833 1528 884 oculos
1548 851 1708 899 usque

105 919 364 965 intrusum
399 929 484 964 aut
513 919 575 964 ab
606 918 698 966 illo
732 930 980 984 opertum.
1028 919 1234 967 Thorax
1267 919 1428 985 magis
1470 920 1708 966 minusve

107 1003 291 1069 planus
313 1043 329 1063 ,
360 1004 753 1054 semicircularis
781 1017 867 1054 aut
897 1006 1280 1071 subquadratus.
1309 1007 1504 1072 Corpus
1534 1007 1714 1071 saepius

109 1090 299 1153 molle(
323 1090 519 1139 labium
541 1131 553 1152 ,
582 1110 762 1159 genere
785 1112 934 1157 rupes
972 1091 1077 1141 solo
1109 1103 1318 1158 excepto
1341 1131 1354 1154 ,
1386 1091 1587 1140 nudum
1625 1102 1713 1139 aut

111 1192 280 1228 mento
328 1180 628 1230 brevissimo
664 1221 676 1243 ,
745 1181 895 1230 molli
931 1201 942 1243 3
999 1180 1218 1229 maxillae
1268 1180 1666 1229 membranaceae
1695 1217 1713 1237 ,

112 1266 328 1328 molles3
379 1266 518 1333 palpi
558 1267 849 1316 maxillares
907 1269 1085 1334 saepius
1134 1269 1352 1333 majores
1385 1307 1397 1329 ,
1442 1267 1624 1316 exserti
1669 1277 1717 1314 et

111 1363 393 1400 extrorsum
424 1354 690 1402 crassiores
725 1365 811 1402 aut
839 1354 1205 1402 suhfilisormes
1225 1356 1255 1416 ).

119 1564 204 1603 duo
238 1565 319 1605 vel
350 1565 433 1604 tria
481 1573 703 1618 segmenta
739 1573 939 1616 secatur,
971 1573 1129 1619 pecta-5·
1156 1565 1354 1604 anticum
1386 1572 1461 1603 aut
1485 1564 1677 1618 primam
1706 1595 1717 1615 ‚

119 1650 311 1696 sternam
337 1645 535 1682 anticum
553 1644 626 1683 vel
636 1644 827 1696 primum
844 1661 855 1695 3
874 1651 1033 1697 pectus
1062 1644 1248 1682 medium
1269 1643 1584 1689 secundzcmve,
1606 1650 1724 1681 ster-

121 1735 223 1760 num
243 1722 429 1760 medium
451 1721 526 1761 vel
559 1721 796 1760 Secundum
816 1739 830 1768 ,-
848 1729 1006 1775 pectus
1023 1723 1245 1776 posticum
1270 1727 1347 1760 aut
1372 1720 1551 1760 tertium
1577 1747 1587 1766 ‚
1615 1729 1726 1760 ster-

123 1797 459 1852 numposticum
475 1798 549 1838 vel
565 1798 741 1837 tertium
754 1828 767 1844 ,
787 1797 841 1836 de
859 1798 1049 1852 pectoris
1065 1798 1268 1853 partibus
1284 1798 1417 1854 pedes
1429 1799 1598 1838 anticos
1610 1831 1621 1851 ,
1636 1813 1730 1838 me—

125 1876 220 1917 dios
240 1907 251 1922 .,
283 1877 474 1932 posticos
498 1876 689 1930 gerentis
709 1909 720 1929 ‚
750 1884 996 1930 utcumque
1024 1878 1197 1932 loquar.

185 1957 344 1997 Sedulo
358 1956 604 1996 notandum
623 1956 894 1996 fiuniliarum
911 1957 1110 2012 plurium
1130 1958 1400 1997 characteres
1415 1957 1562 2008 tarsis,
1581 1963 1733 1996 antei:-

127 2036 198 2076 nis
214 2036 617 2089 instrumentisque
635 2036 815 2076 cibariis
832 2037 975 2076 solum
995 2037 1187 2092 exprimi
1206 2051 1294 2076 non
1319 2050 1459 2092 posse.
1488 2036 1588 2075 Oris
1610 2036 1731 2076 enim

132 2122 351 2156 structura
378 2129 453 2171 pro
471 2116 703 2169 generibus
726 2122 953 2163 mutatur,
981 2123 1030 2155 ut
1063 2116 1283 2170 exemplis
1299 2116 1510 2170 plurimis
1533 2122 1704 2154 constat
1726 2134 1737 2167 3

133 2195 326 2236 familias
343 2196 554 2249 quasdam
571 2196 765 2251 profecto
783 2197 1005 2235 naturales
1020 2227 1030 2247 ‚
1049 2195 1384 2250 Staphylim'ffl,
1399 2195 1711 2236 Scaraboeicles
1727 2227 1737 2246 ,

139 2276 477 2330 Cerambycz'nos
495 2309 510 2325 ‚
544 2284 626 2317 etc.
647 2309 657 2328 ‚
688 2277 919 2318 observare
941 2278 1067 2318 Velis.
1088 2277 1361 2318 Mandibulae
1378 2277 1425 2316 in
1448 2276 1655 2317 secundis
1673 2276 1742 2315 his

136 2371 302 2397 corneae
321 2387 332 2404 ,
373 2364 415 2396 et
434 2357 562 2397 modo
584 2364 763 2397 exsertae
785 2365 827 2397 et
851 2357 980 2397 modo
1005 2359 1183 2413 sepultae
1208 2377 1218 2411 3
1245 2357 1340 2397 illis
1370 2357 1715 2396 membranaceae
1735 2388 1746 2407 ,

137 2437 227 2478 fere
251 2437 382 2476 nullae
401 2456 410 2489 3
442 2438 632 2477 maxillae
654 2438 821 2492 pariter
844 2437 944 2476 aliis
967 2437 1213 2476 substantia
1237 2426 1475 2477 durissima
1493 2469 1502 2487 ‚
1522 2436 1710 2476 dentatae
1732 2467 1744 2486 ‚

141 2514 243 2556 aliis
257 2516 416 2555 molles
432 2547 446 2563 ,
463 2515 577 2563 lobis
590 2514 724 2556 forma
745 2515 934 2557 diversis
950 2515 1220 2555 desinentes.
1239 2515 1361 2570 Palpi
1387 2527 1565 2568 quoque
1584 2545 1595 2565 ‚
1620 2519 1670 2552 ut
1695 2513 1745 2552 in

147 2596 451 2652 Staphyliniis
470 2627 481 2648 ,
513 2595 629 2638 varii
652 2615 661 2648 3
692 2596 763 2635 hic
789 2595 1018 2635 filiformes
1038 2626 1049 2646 ,
1076 2594 1170 2634 illic
1194 2594 1369 2635 diverse
1393 2593 1572 2634 clavati.
1597 2592 1750 2631 Fami-

148 2673 308 2714 liarum
328 2675 596 2714 characteres
612 2674 748 2728 igitur
768 2689 790 2714 e
806 2674 1002 2729 corporis
1019 2673 1156 2712 totius
1172 2671 1375 2727 partibus
1391 2669 1626 2727 praecipuis
1648 2682 1750 2707 mu·-

149 2755 307 2794 tuandi
328 2782 338 2801 ‚
361 2769 452 2796 non
476 2770 528 2795 ex
547 2754 650 2794 solis
674 2741 989 2794 instrumentis
1014 2752 1207 2792 cibariis.
1240 2751 1292 2789 In
1320 2750 1528 2790 methodo
1558 2747 1751 2787 naturali

150 2833 387 2875 ordinanda
406 2834 595 2891 proinde
617 2834 783 2875 auxilia
800 2839 875 2874 tan
885 2840 979 2874 tum
995 2831 1248 2888 suppeditat
1267 2837 1459 2884 systema
1481 2827 1693 2869 Fabricii.
